@article{martinez2024pharmaceutical,
  title={Pharmaceutical and pesticide mixtures in a Mediterranean coastal wetland: comparison of sampling methods, ecological risks, and removal by a constructed wetland},
  author={Mart{\'\i}nez-Meg{\'\i}as, Claudia and Arenas-S{\'a}nchez, Alba and Manjarr{\'e}s-L{\'o}pez, Diana and P{\'e}rez, Sandra and Soriano, Yolanda and Pic{\'o}, Yolanda and Rico, Andreu},
  journal={Environmental Science and Pollution Research},
  volume={31},
  number={10},
  pages={14593--14609},
  year={2024},
  publisher={Springer}
}
